
@article{DBLP:journals/tit/Hellman80,
  author    = {Martin E. Hellman},
  title     = {A cryptanalytic time-memory trade-off},
  journal   = {{IEEE} Trans. Inf. Theory},
  volume    = {26},
  number    = {4},
  pages     = {401--406},
  year      = {1980}
}

@article{cantor1981new,
  title={A new algorithm for factoring polynomials over finite fields},
  author={Cantor, David G and Zassenhaus, Hans},
  journal={Mathematics of Computation},
  pages={587--592},
  year={1981},
  publisher={JSTOR}
}

@inproceedings{DBLP:conf/focs/Shor94,
  author    = {Peter W. Shor},
  title     = {Algorithms for Quantum Computation: Discrete Logarithms and Factoring},
  booktitle = {{FOCS}},
  pages     = {124--134},
  publisher = {{IEEE} Computer Society},
  year      = {1994}
}

@inproceedings{DBLP:conf/stoc/Grover96,
  author    = {Lov K. Grover},
  title     = {A Fast Quantum Mechanical Algorithm for Database Search},
  booktitle = {{STOC}},
  pages     = {212--219},
  publisher = {{ACM}},
  year      = {1996}
}

@article{DBLP:journals/sigact/BrassardHT97,
  author    = {Gilles Brassard and
               Peter H{\o}yer and
               Alain Tapp},
  title     = {Quantum cryptanalysis of hash and claw-free functions},
  journal   = {{SIGACT} News},
  volume    = {28},
  number    = {2},
  pages     = {14--19},
  year      = {1997}
}

@book{DBLP:books/daglib/0091062,
  author    = {David A. Cox and
               John Little and
               Donal O'Shea},
  title     = {Ideals, varieties, and algorithms - an introduction to computational
               algebraic geometry and commutative algebra {(2.} ed.)},
  series    = {Undergraduate texts in mathematics},
  publisher = {Springer},
  year      = {1997}
}

@article{Brassard_2002,
   title={Quantum amplitude amplification and estimation},
   ISBN={9780821878958},
   ISSN={0271-4132},
   url={http://dx.doi.org/10.1090/conm/305/05215},
   DOI={10.1090/conm/305/05215},
   journal={Quantum Computation and Information},
   publisher={American Mathematical Society},
   author={Brassard, Gilles and Høyer, Peter and Mosca, Michele and Tapp, Alain},
   year={2002},
   pages={53–74}
}


@inproceedings{faugere2002new,
  title={A new efficient algorithm for computing Gr{\"o}bner bases without reduction to zero (F 5)},
  author={Faugere, Jean Charles},
  booktitle={Proceedings of the 2002 international symposium on Symbolic and algebraic computation},
  pages={75--83},
  year={2002}
}

@article{DBLP:journals/dm/VasigaS04,
  author    = {Troy Vasiga and
               Jeffrey O. Shallit},
  title     = {On the iteration of certain quadratic maps over GF(\emph{p})},
  journal   = {Discret. Math.},
  volume    = {277},
  number    = {1-3},
  pages     = {219--240},
  year      = {2004},
  url       = {https://doi.org/10.1016/S0012-365X(03)00158-4},
  doi       = {10.1016/S0012-365X(03)00158-4},
  timestamp = {Fri, 12 Feb 2021 13:46:35 +0100},
  biburl    = {https://dblp.org/rec/journals/dm/VasigaS04.bib},
  bibsource = {dblp computer science bibliography, https://dblp.org}
}

@inproceedings{DBLP:conf/asiacrypt/Albrecht0R0T16,
  author    = {Martin R. Albrecht and
               Lorenzo Grassi and
               Christian Rechberger and
               Arnab Roy and
               Tyge Tiessen},
  title     = {MiMC: Efficient Encryption and Cryptographic Hashing with Minimal
               Multiplicative Complexity},
  booktitle = {{ASIACRYPT} {(1)}},
  series    = {Lecture Notes in Computer Science},
  volume    = {10031},
  pages     = {191--219},
  year      = {2016}
}

@article{DBLP:journals/ijact/LenstraW17,
  author    = {Arjen K. Lenstra and
               Benjamin Wesolowski},
  title     = {Trustworthy public randomness with sloth, unicorn, and trx},
  journal   = {Int. J. Appl. Cryptogr.},
  volume    = {3},
  number    = {4},
  pages     = {330--343},
  year      = {2017}
}


@inproceedings{DBLP:conf/ccs/AmesHIV17,
  author    = {Scott Ames and
               Carmit Hazay and
               Yuval Ishai and
               Muthuramakrishnan Venkitasubramaniam},
  title     = {Ligero: Lightweight Sublinear Arguments Without a Trusted Setup},
  booktitle = {{ACM} Conference on Computer and Communications Security},
  pages     = {2087--2104},
  publisher = {{ACM}},
  year      = {2017}
}

@inproceedings{DBLP:conf/crypto/BonehBBF18,
  author    = {Dan Boneh and
               Joseph Bonneau and
               Benedikt B{\"{u}}nz and
               Ben Fisch},
  title     = {Verifiable Delay Functions},
  booktitle = {{CRYPTO} {(1)}},
  series    = {Lecture Notes in Computer Science},
  volume    = {10991},
  pages     = {757--788},
  publisher = {Springer},
  year      = {2018}
}


@inproceedings{DBLP:conf/sp/WahbyTSTW18,
  author    = {Riad S. Wahby and
               Ioanna Tzialla and
               Abhi Shelat and
               Justin Thaler and
               Michael Walfish},
  title     = {Doubly-Efficient zkSNARKs Without Trusted Setup},
  booktitle = {{IEEE} Symposium on Security and Privacy},
  pages     = {926--943},
  publisher = {{IEEE}},
  year      = {2018}
}


@inproceedings{DBLP:conf/sp/BunzBBPWM18,
  author    = {Benedikt B{\"{u}}nz and
               Jonathan Bootle and
               Dan Boneh and
               Andrew Poelstra and
               Pieter Wuille and
               Greg Maxwell},
  title     = {Bulletproofs: Short Proofs for Confidential Transactions and More},
  booktitle = {{IEEE} Symposium on Security and Privacy},
  pages     = {315--334},
  publisher = {{IEEE}},
  year      = {2018}
}


@inproceedings{DBLP:conf/innovations/Pietrzak19a,
  author    = {Krzysztof Pietrzak},
  title     = {Simple Verifiable Delay Functions},
  booktitle = {{ITCS}},
  series    = {LIPIcs},
  volume    = {124},
  pages     = {60:1--60:15},
  publisher = {Schloss Dagstuhl - Leibniz-Zentrum f{\"{u}}r Informatik},
  year      = {2019}
}

@inproceedings{DBLP:conf/eurocrypt/Wesolowski19,
  author    = {Benjamin Wesolowski},
  title     = {Efficient Verifiable Delay Functions},
  booktitle = {{EUROCRYPT} {(3)}},
  series    = {Lecture Notes in Computer Science},
  volume    = {11478},
  pages     = {379--407},
  publisher = {Springer},
  year      = {2019}
}

@inproceedings{DBLP:conf/crypto/Ben-SassonBHR19,
  author    = {Eli Ben{-}Sasson and
               Iddo Bentov and
               Yinon Horesh and
               Michael Riabzev},
  title     = {Scalable Zero Knowledge with No Trusted Setup},
  booktitle = {{CRYPTO} {(3)}},
  series    = {Lecture Notes in Computer Science},
  volume    = {11694},
  pages     = {701--732},
  publisher = {Springer},
  year      = {2019}
}

@inproceedings{DBLP:conf/asiacrypt/AlbrechtC0KLRS19,
  author    = {Martin R. Albrecht and
               Carlos Cid and
               Lorenzo Grassi and
               Dmitry Khovratovich and
               Reinhard L{\"{u}}ftenegger and
               Christian Rechberger and
               Markus Schofnegger},
  title     = {Algebraic Cryptanalysis of STARK-Friendly Designs: Application to
               MARVELlous and MiMC},
  booktitle = {{ASIACRYPT} {(3)}},
  series    = {Lecture Notes in Computer Science},
  volume    = {11923},
  pages     = {371--397},
  publisher = {Springer},
  year      = {2019}
}

@inproceedings{DBLP:conf/asiacrypt/Eichlseder0LORS20,
  author    = {Maria Eichlseder and
               Lorenzo Grassi and
               Reinhard L{\"{u}}ftenegger and
               Morten {\O}ygarden and
               Christian Rechberger and
               Markus Schofnegger and
               Qingju Wang},
  title     = {An Algebraic Attack on Ciphers with Low-Degree Round Functions: Application
               to Full MiMC},
  booktitle = {{ASIACRYPT} {(1)}},
  series    = {Lecture Notes in Computer Science},
  volume    = {12491},
  pages     = {477--506},
  publisher = {Springer},
  year      = {2020}
}

@article{Zalka_1999,
   title={Grover’s quantum searching algorithm is optimal},
   volume={60},
   ISSN={1094-1622},
   number={4},
   journal={Physical Review A},
   publisher={American Physical Society (APS)},
   author={Zalka, Christof},
   year={1999}
}

@article{practicalityGrover05,
  author    = {George F. Viamontes and
               Igor L. Markov and
               John P. Hayes},
  title     = {Is quantum search practical?},
  journal   = {Comput. Sci. Eng.},
  volume    = {7},
  number    = {3},
  pages     = {62--70},
  year      = {2005}
}